<?xml version="1.0" encoding="UTF-8"?><collection xmlns="http://www.loc.gov/MARC21/slim"><record><leader>00349nam--2200121-i-4500</leader><controlfield tag="001">000032602</controlfield><controlfield tag="002">20161230</controlfield><controlfield tag="005">20161230201039</controlfield><controlfield tag="008">060222s1000------------r-----000-0-eng-d</controlfield><datafield ind1=" " ind2=" " tag="080"><subfield code="a">616.073.75:621.039.83</subfield></datafield><datafield ind1=" " ind2=" " tag="245"><subfield code="a">Medicina nucleara.diagnostic si tratament. sub redactia tiberiu pop</subfield></datafield><datafield ind1=" " ind2=" " tag="260"><subfield code="a">Bucuresti, Editura Medicala, 1983. 905p</subfield></datafield><datafield ind1=" " ind2=" " tag="852"><subfield code="a">71607</subfield></datafield></record></collection>